% Encoding: UTF-8
@Article{josephweizenbaum1966,
  author  = {Joseph Weizenbaum},
  title   = {ELIZA—a computer program for the study of natural language communication between man and machine},
  journal = {Communications of the ACM},
  year    = {1966},
  volume  = {9},
  pages   = {36-45},
  month   = jan,
}
@ARTICLE{2022arXiv220105816X,
       author = {{Xu}, Meng and {Wang}, Youchen and {Xu}, Bin and {Zhang}, Jun and {Ren}, Jian and {Poslad}, Stefan and {Xu}, Pengfei},
        title = "{A Critical Analysis of Image-based Camera Pose Estimation Techniques}",
      journal = {arXiv e-prints},
     keywords = {Computer Science - Computer Vision and Pattern Recognition, Computer Science - Robotics},
         year = 2022,
        month = jan,
          eid = {arXiv:2201.05816},
        pages = {arXiv:2201.05816},
          doi = {10.48550/arXiv.2201.05816},
archivePrefix = {arXiv},
       eprint = {2201.05816},
 primaryClass = {cs.CV},
       adsurl = {https://ui.adsabs.harvard.edu/abs/2022arXiv220105816X},
      adsnote = {Provided by the SAO/NASA Astrophysics Data System}
}
@misc{kendall2016posenet,
      title={PoseNet: A Convolutional Network for Real-Time 6-DOF Camera Relocalization}, 
      author={Alex Kendall and Matthew Grimes and Roberto Cipolla},
      year={2016},
      eprint={1505.07427},
      archivePrefix={arXiv},
      primaryClass={cs.CV}
}
@misc{kendall2016modelling,
      title={Modelling Uncertainty in Deep Learning for Camera Relocalization}, 
      author={Alex Kendall and Roberto Cipolla},
      year={2016},
      eprint={1509.05909},
      archivePrefix={arXiv},
      primaryClass={cs.CV}
}
@misc{walch2017imagebased,
      title={Image-based localization using LSTMs for structured feature correlation}, 
      author={Florian Walch and Caner Hazirbas and Laura Leal-Taixé and Torsten Sattler and Sebastian Hilsenbeck and Daniel Cremers},
      year={2017},
      eprint={1611.07890},
      archivePrefix={arXiv},
      primaryClass={cs.CV}
}
@misc{wang2019atloc,
      title={AtLoc: Attention Guided Camera Localization}, 
      author={Bing Wang and Changhao Chen and Chris Xiaoxuan Lu and Peijun Zhao and Niki Trigoni and Andrew Markham},
      year={2019},
      eprint={1909.03557},
      archivePrefix={arXiv},
      primaryClass={cs.CV}
}
@inproceedings{inproceedings,
author = {Naseer, Tayyab and Burgard, Wolfram},
year = {2017},
month = {09},
pages = {1525-1530},
title = {Deep regression for monocular camera-based 6-DoF global localization in outdoor environments},
doi = {10.1109/IROS.2017.8205957}
}
@INPROCEEDINGS{7989663,
  author={Wu, Jian and Ma, Liwei and Hu, Xiaolin},
  booktitle={2017 IEEE International Conference on Robotics and Automation (ICRA)}, 
  title={Delving deeper into convolutional neural networks for camera relocalization}, 
  year={2017},
  volume={},
  number={},
  pages={5644-5651},
  doi={10.1109/ICRA.2017.7989663}
}
@misc{szegedy2014going,
      title={Going Deeper with Convolutions}, 
      author={Christian Szegedy and Wei Liu and Yangqing Jia and Pierre Sermanet and Scott Reed and Dragomir Anguelov and Dumitru Erhan and Vincent Vanhoucke and Andrew Rabinovich},
      year={2014},
      eprint={1409.4842},
      archivePrefix={arXiv},
      primaryClass={cs.CV}
}
@misc{laskar2017camera,
      title={Camera Relocalization by Computing Pairwise Relative Poses Using Convolutional Neural Network}, 
      author={Zakaria Laskar and Iaroslav Melekhov and Surya Kalia and Juho Kannala},
      year={2017},
      eprint={1707.09733},
      archivePrefix={arXiv},
      primaryClass={cs.CV}
}
@InProceedings{10.1007/978-3-030-01264-9_46,
author="Balntas, Vassileios
and Li, Shuda
and Prisacariu, Victor",
editor="Ferrari, Vittorio
and Hebert, Martial
and Sminchisescu, Cristian
and Weiss, Yair",
title="RelocNet: Continuous Metric Learning Relocalisation Using Neural Nets",
booktitle="Computer Vision -- ECCV 2018",
year="2018",
publisher="Springer International Publishing",
address="Cham",
pages="782--799",
abstract="We propose a method of learning suitable convolutional representations for camera pose retrieval based on nearest neighbour matching and continuous metric learning-based feature descriptors. We introduce information from camera frusta overlaps between pairs of images to optimise our feature embedding network. Thus, the final camera pose descriptor differences represent camera pose changes. In addition, we build a pose regressor that is trained with a geometric loss to infer finer relative poses between a query and nearest neighbour images. Experiments show that our method is able to generalise in a meaningful way, and outperforms related methods across several experiments.",
isbn="978-3-030-01264-9"
}
@misc{melekhov2017imagebased,
      title={Image-based Localization using Hourglass Networks}, 
      author={Iaroslav Melekhov and Juha Ylioinas and Juho Kannala and Esa Rahtu},
      year={2017},
      eprint={1703.07971},
      archivePrefix={arXiv},
      primaryClass={cs.CV}
}
@misc{kendall2017geometric,
      title={Geometric Loss Functions for Camera Pose Regression with Deep Learning}, 
      author={Alex Kendall and Roberto Cipolla},
      year={2017},
      eprint={1704.00390},
      archivePrefix={arXiv},
      primaryClass={cs.CV}
}
@misc{clark2017vidloc,
      title={VidLoc: A Deep Spatio-Temporal Model for 6-DoF Video-Clip Relocalization}, 
      author={Ronald Clark and Sen Wang and Andrew Markham and Niki Trigoni and Hongkai Wen},
      year={2017},
      eprint={1702.06521},
      archivePrefix={arXiv},
      primaryClass={cs.CV}
}

@misc{brahmbhatt2018geometryaware,
      title={Geometry-Aware Learning of Maps for Camera Localization}, 
      author={Samarth Brahmbhatt and Jinwei Gu and Kihwan Kim and James Hays and Jan Kautz},
      year={2018},
      eprint={1712.03342},
      archivePrefix={arXiv},
      primaryClass={cs.CV}
}
@inproceedings{Cai2018AHP,
  title={A Hybrid Probabilistic Model for Camera Relocalization},
  author={Mingpeng Cai and Chunhua Shen and Ian D. Reid},
  booktitle={British Machine Vision Conference},
  year={2018},
  url={https://api.semanticscholar.org/CorpusID:52286190}
}
@misc{valada2018deep,
      title={Deep Auxiliary Learning for Visual Localization and Odometry}, 
      author={Abhinav Valada and Noha Radwan and Wolfram Burgard},
      year={2018},
      eprint={1803.03642},
      archivePrefix={arXiv},
      primaryClass={cs.RO}
}
@article{Radwan_2018,
   title={VLocNet++: Deep Multitask Learning for Semantic Visual Localization and Odometry},
   volume={3},
   ISSN={2377-3774},
   url={http://dx.doi.org/10.1109/LRA.2018.2869640},
   DOI={10.1109/lra.2018.2869640},
   number={4},
   journal={IEEE Robotics and Automation Letters},
   publisher={Institute of Electrical and Electronics Engineers (IEEE)},
   author={Radwan, Noha and Valada, Abhinav and Burgard, Wolfram},
   year={2018},
   month=oct, pages={4407–4414} 
}
@misc{lin2019deep,
      title={Deep Global-Relative Networks for End-to-End 6-DoF Visual Localization and Odometry}, 
      author={Yimin Lin and Zhaoxiang Liu and Jianfeng Huang and Chaopeng Wang and Guoguang Du and Jinqiang Bai and Shiguo Lian and Bill Huang},
      year={2019},
      eprint={1812.07869},
      archivePrefix={arXiv},
      primaryClass={cs.CV}
}
@misc{xue2019local,
      title={Local Supports Global: Deep Camera Relocalization with Sequence Enhancement}, 
      author={Fei Xue and Xin Wang and Zike Yan and Qiuyuan Wang and Junqiu Wang and Hongbin Zha},
      year={2019},
      eprint={1908.04391},
      archivePrefix={arXiv},
      primaryClass={cs.CV}
}
@misc{berton2022rethinking,
      title={Rethinking Visual Geo-localization for Large-Scale Applications}, 
      author={Gabriele Berton and Carlo Masone and Barbara Caputo},
      year={2022},
      eprint={2204.02287},
      archivePrefix={arXiv},
      primaryClass={cs.CV}
}

@misc{sattler2019understanding,
      title={Understanding the Limitations of CNN-based Absolute Camera Pose Regression}, 
      author={Torsten Sattler and Qunjie Zhou and Marc Pollefeys and Laura Leal-Taixe},
      year={2019},
      eprint={1903.07504},
      archivePrefix={arXiv},
      primaryClass={cs.CV}
}
@misc{bui2019adversarial,
      title={Adversarial Networks for Camera Pose Regression and Refinement}, 
      author={Mai Bui and Christoph Baur and Nassir Navab and Slobodan Ilic and Shadi Albarqouni},
      year={2019},
      eprint={1903.06646},
      archivePrefix={arXiv},
      primaryClass={cs.CV}
}
@misc{chidlovskii2020adversarial,
      title={Adversarial Transfer of Pose Estimation Regression}, 
      author={Boris Chidlovskii and Assem Sadek},
      year={2020},
      eprint={2006.11658},
      archivePrefix={arXiv},
      primaryClass={cs.CV}
}
@misc{pion2020benchmarking,
      title={Benchmarking Image Retrieval for Visual Localization}, 
      author={Noé Pion and Martin Humenberger and Gabriela Csurka and Yohann Cabon and Torsten Sattler},
      year={2020},
      eprint={2011.11946},
      archivePrefix={arXiv},
      primaryClass={cs.CV}
}
@misc{yin2022general,
      title={General Place Recognition Survey: Towards the Real-world Autonomy Age}, 
      author={Peng Yin and Shiqi Zhao and Ivan Cisneros and Abulikemu Abuduweili and Guoquan Huang and Micheal Milford and Changliu Liu and Howie Choset and Sebastian Scherer},
      year={2022},
      eprint={2209.04497},
      archivePrefix={arXiv},
      primaryClass={cs.RO}
}@inproceedings{sunderhauf2015performance,
  title={On the performance of convnet features for place recognition},
  author={S{\"u}nderhauf, Niko and Shirazi, Sareh and Dayoub, Feras and Upcroft, Ben and Milford, Michael},
  booktitle={2015 IEEE/RSJ international conference on intelligent robots and systems (IROS)},
  pages={4297--4304},
  year={2015},
  organization={IEEE}
}
@ARTICLE{9373578,
  author={Cho, Yongju and Faisal, Muhammad and Sadiq, Usama and Arif, Tabasher and Hafiz, Rehan and Seo, Jeongil and Ali, Mohsen},
  journal={IEEE Access}, 
  title={Learning to Detect Local Features Using Information Change}, 
  year={2021},
  volume={9},
  number={},
  pages={43898-43908},
  doi={10.1109/ACCESS.2021.3065014}}
@inproceedings{zamir2010accurate,
  title={Accurate image localization based on google maps street view},
  author={Zamir, Amir Roshan and Shah, Mubarak},
  booktitle={Computer Vision--ECCV 2010: 11th European Conference on Computer Vision, Heraklion, Crete, Greece, September 5-11, 2010, Proceedings, Part IV 11},
  pages={255--268},
  year={2010},
  organization={Springer}
}
@inproceedings{lowe1999object,
  title={Object recognition from local scale-invariant features},
  author={Lowe, David G},
  booktitle={Proceedings of the seventh IEEE international conference on computer vision},
  volume={2},
  pages={1150--1157},
  year={1999},
  organization={Ieee}
}
@inproceedings{jegou2010aggregating,
  title={Aggregating local descriptors into a compact image representation},
  author={J{\'e}gou, Herv{\'e} and Douze, Matthijs and Schmid, Cordelia and P{\'e}rez, Patrick},
  booktitle={2010 IEEE computer society conference on computer vision and pattern recognition},
  pages={3304--3311},
  year={2010},
  organization={IEEE}
}
@inproceedings{philbin2007object,
  title={Object retrieval with large vocabularies and fast spatial matching},
  author={Philbin, James and Chum, Ondrej and Isard, Michael and Sivic, Josef and Zisserman, Andrew},
  booktitle={2007 IEEE conference on computer vision and pattern recognition},
  pages={1--8},
  year={2007},
  organization={IEEE}
}
@article{jegou2011aggregating,
  title={Aggregating local image descriptors into compact codes},
  author={J{\'e}gou, Herv{\'e} and Perronnin, Florent and Douze, Matthijs and S{\'a}nchez, Jorge and P{\'e}rez, Patrick and Schmid, Cordelia},
  journal={IEEE transactions on pattern analysis and machine intelligence},
  volume={34},
  number={9},
  pages={1704--1716},
  year={2011},
  publisher={IEEE}
}
@misc{arandjelović2016netvlad,
      title={NetVLAD: CNN architecture for weakly supervised place recognition}, 
      author={Relja Arandjelović and Petr Gronat and Akihiko Torii and Tomas Pajdla and Josef Sivic},
      year={2016},
      eprint={1511.07247},
      archivePrefix={arXiv},
      primaryClass={cs.CV}
}
@article{yu2019spatial,
  title={Spatial pyramid-enhanced NetVLAD with weighted triplet loss for place recognition},
  author={Yu, Jun and Zhu, Chaoyang and Zhang, Jian and Huang, Qingming and Tao, Dacheng},
  journal={IEEE transactions on neural networks and learning systems},
  volume={31},
  number={2},
  pages={661--674},
  year={2019},
  publisher={IEEE}
}
@article{radenovic2018fine,
  title={Fine-tuning CNN image retrieval with no human annotation},
  author={Radenovi{\'c}, Filip and Tolias, Giorgos and Chum, Ond{\v{r}}ej},
  journal={IEEE transactions on pattern analysis and machine intelligence},
  volume={41},
  number={7},
  pages={1655--1668},
  year={2018},
  publisher={IEEE}
}
@article{razavian2016visual,
  title={Visual instance retrieval with deep convolutional networks},
  author={Razavian, Ali S and Sullivan, Josephine and Carlsson, Stefan and Maki, Atsuto},
  journal={ITE Transactions on Media Technology and Applications},
  volume={4},
  number={3},
  pages={251--258},
  year={2016},
  publisher={The Institute of Image Information and Television Engineers}
}
@article{tolias2015particular,
  title={Particular object retrieval with integral max-pooling of CNN activations},
  author={Tolias, Giorgos and Sicre, Ronan and J{\'e}gou, Herv{\'e}},
  journal={arXiv preprint arXiv:1511.05879},
  year={2015}
}
@article{keetha2023anyloc,
  title={Anyloc: Towards universal visual place recognition},
  author={Keetha, Nikhil and Mishra, Avneesh and Karhade, Jay and Jatavallabhula, Krishna Murthy and Scherer, Sebastian and Krishna, Madhava and Garg, Sourav},
  journal={arXiv preprint arXiv:2308.00688},
  year={2023}
}
@inproceedings{wang2022transvpr,
  title={Transvpr: Transformer-based place recognition with multi-level attention aggregation},
  author={Wang, Ruotong and Shen, Yanqing and Zuo, Weiliang and Zhou, Sanping and Zheng, Nanning},
  booktitle={Proceedings of the IEEE/CVF Conference on Computer Vision and Pattern Recognition},
  pages={13648--13657},
  year={2022}
}
@misc{alibey2023mixvpr,
      title={MixVPR: Feature Mixing for Visual Place Recognition}, 
      author={Amar Ali-bey and Brahim Chaib-draa and Philippe Giguère},
      year={2023},
      eprint={2303.02190},
      archivePrefix={arXiv},
      primaryClass={cs.CV}
}
@misc{vaswani2023attention,
      title={Attention Is All You Need}, 
      author={Ashish Vaswani and Noam Shazeer and Niki Parmar and Jakob Uszkoreit and Llion Jones and Aidan N. Gomez and Lukasz Kaiser and Illia Polosukhin},
      year={2023},
      eprint={1706.03762},
      archivePrefix={arXiv},
      primaryClass={cs.CL}
}
@misc{dosovitskiy2021image,
      title={An Image is Worth 16x16 Words: Transformers for Image Recognition at Scale}, 
      author={Alexey Dosovitskiy and Lucas Beyer and Alexander Kolesnikov and Dirk Weissenborn and Xiaohua Zhai and Thomas Unterthiner and Mostafa Dehghani and Matthias Minderer and Georg Heigold and Sylvain Gelly and Jakob Uszkoreit and Neil Houlsby},
      year={2021},
      eprint={2010.11929},
      archivePrefix={arXiv},
      primaryClass={cs.CV}
}
@misc{tolstikhin2021mlpmixer,
      title={MLP-Mixer: An all-MLP Architecture for Vision}, 
      author={Ilya Tolstikhin and Neil Houlsby and Alexander Kolesnikov and Lucas Beyer and Xiaohua Zhai and Thomas Unterthiner and Jessica Yung and Andreas Steiner and Daniel Keysers and Jakob Uszkoreit and Mario Lucic and Alexey Dosovitskiy},
      year={2021},
      eprint={2105.01601},
      archivePrefix={arXiv},
      primaryClass={cs.CV}
}
@misc{hendrycks2023gaussian,
      title={Gaussian Error Linear Units (GELUs)}, 
      author={Dan Hendrycks and Kevin Gimpel},
      year={2023},
      eprint={1606.08415},
      archivePrefix={arXiv},
      primaryClass={cs.LG}
}
@article{abraham2005artificial,
  title={Artificial neural networks},
  author={Abraham, Ajith},
  journal={Handbook of measuring system design},
  year={2005},
  publisher={John Wiley \& Sons, Ltd Chichester, UK}
}
@article{krenker2011introduction,
  title={Introduction to the artificial neural networks},
  author={Krenker, Andrej and Be{\v{s}}ter, Janez and Kos, Andrej},
  journal={Artificial Neural Networks: Methodological Advances and Biomedical Applications. InTech},
  pages={1--18},
  year={2011}
}
@article{lillicrap2020backpropagation,
  title={Backpropagation and the brain},
  author={Lillicrap, Timothy P and Santoro, Adam and Marris, Luke and Akerman, Colin J and Hinton, Geoffrey},
  journal={Nature Reviews Neuroscience},
  volume={21},
  number={6},
  pages={335--346},
  year={2020},
  publisher={Nature Publishing Group UK London}
}
@article{lowe2004distinctive,
  title={Distinctive image features from scale-invariant keypoints},
  author={Lowe, David G},
  journal={International journal of computer vision},
  volume={60},
  pages={91--110},
  year={2004},
  publisher={Springer}
}
@inproceedings{bay2006surf,
  title={Surf: Speeded up robust features},
  author={Bay, Herbert and Tuytelaars, Tinne and Van Gool, Luc},
  booktitle={Computer Vision--ECCV 2006: 9th European Conference on Computer Vision, Graz, Austria, May 7-13, 2006. Proceedings, Part I 9},
  pages={404--417},
  year={2006},
  organization={Springer}
}
@article{o2015introduction,
  title={An introduction to convolutional neural networks},
  author={O'Shea, Keiron and Nash, Ryan},
  journal={arXiv preprint arXiv:1511.08458},
  year={2015}
}
@misc{simonyan2015deep,
      title={Very Deep Convolutional Networks for Large-Scale Image Recognition}, 
      author={Karen Simonyan and Andrew Zisserman},
      year={2015},
      eprint={1409.1556},
      archivePrefix={arXiv},
      primaryClass={cs.CV}
}
@misc{poolingg4g,
  title = {CNN | Introduction to Pooling Layer},
  howpublished = {\url{https://www.geeksforgeeks.org/cnn-introduction-to-pooling-layer/}},
  note = {Accessed: 2023-11-26}
}
@misc{slamposition,
  title = {Laser SLAM},
  howpublished = {\url{http://wavelab.uwaterloo.ca/indexe424.html?weblizar_portfolio=laser-slam/}},
  note = {Accessed: 2023-11-26}
}